
@BOOK{1,
TITLE = {Wikipedia Definition of Incremental Development},
LINK = https://en.wikipedia.org/wiki/Incremental_build_model	
}

@BOOK{2,
TITLE = {Wikipedia Definition of Waterfall Paradigm},
LINK = https://en.wikipedia.org/wiki/Waterfall_model
}

@BOOK{3,
TITLE = {Game Jam based iterative curriculum for game production in Japan},
AUTHORS = {Koji Mikami, Yosuke Nakamura, Akinori Ito , Motonobu Kawashima, Taichi Watanabe, Yoshihiro Kishimoto, Kunio Kondo},
YEAR = 2015,
}

@BOOK{4,
TITLE = {Level design optimization guidelines for game artists using the epic games: Unreal editor and unreal engine 2},
AUTHORS = {Christian Rubino, John Power},
YEAR = 2008,
}

@BOOK{5,
TITLE = {The Demise of the Waterfall Model Is Imminent},
AUTHORS = {Phillip A. Laplante, Colin J. Neill},
YEAR = 2004,
}

@BOOK{6,
TITLE = {Evolutionary Delivery versus the waterfall model},
AUTHOR = {Tom Gilb},
YEAR = 1985,
}

@BOOK{7,
TITLE = {Drivers for Software Development Method Usage},
AUTHORS = {Mohamed Khalifa and June M. Verner},
YEAR = 2000,
}

@BOOK{8,
TITLE = {Agile and Iterative Development: A Manager's Guide},
AUTHOR = {Craig Larman},
YEAR = 2004,
}

